<?xml version="1.0" encoding="UTF-8"?>
<Document xmlns="urn:iso:std:iso:20022:tech:xsd:camt.052.001.08"
	xmlns:xsi="http://www.w3.org/2001/XMLSchema-instance"
	xsi:schemaLocation="urn:iso:std:iso:20022:tech:xsd:camt.052.001.08 camt.052.001.08.xsd">
	<BkToCstmrAcctRpt>
		<GrpHdr>
			<MsgId>camt52_20231111192852__ONLINEBA</MsgId>
			<CreDtTm>2023-11-11T19:28:52+01:00</CreDtTm>
		</GrpHdr>
		<Rpt>
			<Id>camt0528_ONLINEBA</Id>
			<RptPgntn>
				<PgNb>1</PgNb>
				<LastPgInd>true</LastPgInd>
			</RptPgntn>
			<CreDtTm>2023-11-11T19:28:52+01:00</CreDtTm>
			<Acct>
				<Id>
					<IBAN>DE12345678901234567890</IBAN>
				</Id>
				<Ccy>EUR</Ccy>
				<Svcr>
					<FinInstnId>
						<BICFI>ABCDEFG1ABC</BICFI>
						<Nm>MUSTERBANK MUSTERHAUSEN</Nm>
						<Othr>
							<Id>DE 123456789</Id>
							<Issr>UmsStId</Issr>
						</Othr>
					</FinInstnId>
				</Svcr>
			</Acct>
			<Bal>
				<Tp>
					<CdOrPrtry>
						<Cd>OPBD</Cd>
					</CdOrPrtry>
				</Tp>
				<Amt Ccy="EUR">100.00</Amt>
				<CdtDbtInd>CRDT</CdtDbtInd>
				<Dt>
					<Dt>2023-11-08</Dt>
				</Dt>
			</Bal>
			<Bal>
				<Tp>
					<CdOrPrtry>
						<Cd>CLBD</Cd>
					</CdOrPrtry>
				</Tp>
				<Amt Ccy="EUR">66.00</Amt>
				<CdtDbtInd>CRDT</CdtDbtInd>
				<Dt>
					<Dt>2023-11-10</Dt>
				</Dt>
			</Bal>
			<Ntry>
				<Amt Ccy="EUR">34.00</Amt>
				<CdtDbtInd>DBIT</CdtDbtInd>
				<Sts>
					<Cd>BOOK</Cd>
				</Sts>
				<BookgDt>
					<Dt>2023-11-10</Dt>
				</BookgDt>
				<ValDt>
					<Dt>2023-11-10</Dt>
				</ValDt>
				<AcctSvcrRef>2023-11-10-00.06.42.329883</AcctSvcrRef>
				<BkTxCd />
				<NtryDtls>
					<TxDtls>
						<Refs>
							<EndToEndId>123456789012</EndToEndId>
							<MndtId>12345678/001</MndtId>
							<Prtry>
								<Tp>FI-UMSATZ-ID</Tp>
								<Ref>2023-11-10-00.06.42.329883</Ref>
							</Prtry>
						</Refs>
						<Amt Ccy="EUR">34.00</Amt>
						<BkTxCd>
							<Domn>
								<Cd>PMNT</Cd>
								<Fmly>
									<Cd>RDDT</Cd>
									<SubFmlyCd>ESDD</SubFmlyCd>
								</Fmly>
							</Domn>
							<Prtry>
								<Cd>NDDT+105+9200+992</Cd>
								<Issr>DK</Issr>
							</Prtry>
						</BkTxCd>
						<RltdPties>
							<Dbtr>
								<Pty>
									<Nm>Bert Bezahler</Nm>
								</Pty>
							</Dbtr>
							<DbtrAcct>
								<Id>
									<IBAN>DE12345678901234567890</IBAN>
								</Id>
							</DbtrAcct>
							<Cdtr>
								<Pty>
									<Nm>Beispiel AG</Nm>
									<Id>
										<PrvtId>
											<Othr>
												<Id>DE46ZZZ00000012345</Id>
											</Othr>
										</PrvtId>
									</Id>
								</Pty>
							</Cdtr>
							<CdtrAcct>
								<Id>
									<IBAN>DE12345678901234567892</IBAN>
								</Id>
							</CdtrAcct>
						</RltdPties>
						<RltdAgts>
							<DbtrAgt>
								<FinInstnId>
									<BICFI>ABCDEFG1ABC</BICFI>
								</FinInstnId>
							</DbtrAgt>
							<CdtrAgt>
								<FinInstnId>
									<BICFI>ABCDEFG1CBA</BICFI>
								</FinInstnId>
							</CdtrAgt>
						</RltdAgts>
						<RmtInf>
							<Ustrd>Verwendungszweck</Ustrd>
						</RmtInf>
					</TxDtls>
				</NtryDtls>
				<AddtlNtryInf>FOLGELASTSCHRIFT</AddtlNtryInf>
			</Ntry>
		</Rpt>
	</BkToCstmrAcctRpt>
</Document>