<?xml version="1.0" encoding="UTF-8"?>
<Document
  xmlns="urn:iso:std:iso:20022:tech:xsd:camt.052.001.02"
  xmlns:xsi="http://www.w3.org/2001/XMLSchema-instance"
  xsi:schemaLocation="urn:iso:std:iso:20022:tech:xsd:camt.052.001.02 camt.052.001.02.xsd">
  <BkToCstmrAcctRpt>
    <GrpHdr>
      <MsgId>1234567890</MsgId>
      <CreDtTm>2018-07-23T12:43:32+01:00</CreDtTm>
      <MsgPgntn>
        <PgNb>1</PgNb>
        <LastPgInd>true</LastPgInd>
      </MsgPgntn>
    </GrpHdr>
    <Rpt>
      <Id>camt052_ONLINEBA</Id>
      <ElctrncSeqNb>00000</ElctrncSeqNb>
      <CreDtTm>2018-07-23T12:43:32+01:00</CreDtTm>
      <Acct>
        <Id>
          <IBAN>DE12345678901234567890</IBAN>
        </Id>
        <Ccy>EUR</Ccy>
        <Svcr>
          <FinInstnId>
            <BIC>ABCDEFG1ABC</BIC>
            <Nm>MUSTERBANK MUSTERHAUSEN</Nm>
            <Othr>
              <Id>DE 123456789</Id>
              <Issr>UmsStId</Issr>
            </Othr>
          </FinInstnId>
        </Svcr>
      </Acct>
      <Bal>
        <Tp>
          <CdOrPrtry>
            <Cd>PRCD</Cd>
          </CdOrPrtry>
        </Tp>
        <Amt Ccy="EUR">100.00</Amt>
        <CdtDbtInd>CRDT</CdtDbtInd>
        <Dt>
          <Dt>2018-07-19</Dt>
        </Dt>
      </Bal>
      <Bal>
        <Tp>
          <CdOrPrtry>
            <Cd>CLBD</Cd>
          </CdOrPrtry>
        </Tp>
        <Amt Ccy="EUR">110.50</Amt>
        <CdtDbtInd>CRDT</CdtDbtInd>
        <Dt>
          <Dt>2018-07-20</Dt>
        </Dt>
      </Bal>
      
      <Ntry>
        <Amt Ccy="EUR">10.00</Amt>
        <CdtDbtInd>CRDT</CdtDbtInd>
        <Sts>BOOK</Sts>
        <BookgDt>
          <Dt>2018-07-20</Dt>
        </BookgDt>
        <ValDt>
          <Dt>2018-07-20</Dt>
        </ValDt>
        <AcctSvcrRef>NONREF</AcctSvcrRef>
        <BkTxCd />
        <NtryDtls>
          <TxDtls>
            <Refs>
              <Prtry>
                <Tp>FI-UMSATZ-ID</Tp>
                <Ref>2018-07-20-07.51.25.370057</Ref>
              </Prtry>
            </Refs>
            <BkTxCd>
              <Prtry>
                <Cd>NSTO+152+9201+000</Cd>
                <Issr>DK</Issr>
              </Prtry>
            </BkTxCd>
            <RltdPties>
              <Dbtr>
                <Nm>Max Mustermann</Nm>
              </Dbtr>
              <DbtrAcct>
                <Id>
                  <IBAN>DE12345678901234567891</IBAN>
                </Id>
              </DbtrAcct>
              <Cdtr>
                <Nm>Erika Empfaenger</Nm>
              </Cdtr>
              <CdtrAcct>
                <Id>
                  <IBAN>DE12345678901234567890</IBAN>
                </Id>
              </CdtrAcct>
            </RltdPties>
            <RltdAgts>
              <DbtrAgt>
                <FinInstnId>
                  <BIC>ABCDEFG2ABC</BIC>
                </FinInstnId>
              </DbtrAgt>
              <CdtrAgt>
                <FinInstnId>
                  <BIC>ABCDEFG1ABC</BIC>
                </FinInstnId>
              </CdtrAgt>
            </RltdAgts>
            <Purp>
              <Cd>RINP</Cd>
            </Purp>
            <RmtInf>
              <Ustrd>Verwendungszweck 1</Ustrd>
            </RmtInf>
          </TxDtls>
        </NtryDtls>
        <AddtlNtryInf>DAUERAUFTRAG</AddtlNtryInf>
      </Ntry>
      
      <Ntry>
        <Amt Ccy="EUR">0.50</Amt>
        <CdtDbtInd>CRDT</CdtDbtInd>
        <Sts>BOOK</Sts>
        <BookgDt>
          <Dt>2018-07-20</Dt>
        </BookgDt>
        <ValDt>
          <Dt>2018-07-20</Dt>
        </ValDt>
        <AcctSvcrRef>NONREF</AcctSvcrRef>
        <BkTxCd />
        <NtryDtls>
          <TxDtls>
            <Refs>
              <Prtry>
                <Tp>FI-UMSATZ-ID</Tp>
                <Ref>2018-07-20-07.51.28.370057</Ref>
              </Prtry>
            </Refs>
            <BkTxCd>
              <Prtry>
                <Cd>NSTO+152+9201+000</Cd>
                <Issr>DK</Issr>
              </Prtry>
            </BkTxCd>
            <RltdPties>
              <Dbtr>
                <Nm>Bert Bezahler</Nm>
              </Dbtr>
              <DbtrAcct>
                <Id>
                  <IBAN>DE12345678901234567892</IBAN>
                </Id>
              </DbtrAcct>
              <Cdtr>
                <Nm>Erika Empfaenger</Nm>
              </Cdtr>
              <CdtrAcct>
                <Id>
                  <IBAN>DE12345678901234567890</IBAN>
                </Id>
              </CdtrAcct>
            </RltdPties>
            <RltdAgts>
              <DbtrAgt>
                <FinInstnId>
                  <BIC>ABCDEFG3ABC</BIC>
                </FinInstnId>
              </DbtrAgt>
              <CdtrAgt>
                <FinInstnId>
                  <BIC>ABCDEFG1ABC</BIC>
                </FinInstnId>
              </CdtrAgt>
            </RltdAgts>
            <Purp>
              <Cd>DEPT</Cd>
            </Purp>
            <RmtInf>
              <Ustrd>Verwendungszweck 2</Ustrd>
            </RmtInf>
          </TxDtls>
        </NtryDtls>
        <AddtlNtryInf>EINZAHLUNG</AddtlNtryInf>
      </Ntry>

    </Rpt>
  </BkToCstmrAcctRpt>
</Document>