
:20:STARTUMS
:25:12345678/1234567890
:28C:1
:60F:C230209EUR100,00
:61:2302090209CR2,00NTRF2023-02-09-08.37.18.054696
:86:152?00GUTSCHRIFT UEBERWEISUNG?109245?20Test 1?32Max Mustermann?34000
:61:2302090209CR1,00NTRF2023-02-09-08.37.18.552784
:86:152?00GUTSCHRIFT UEBERWEISUNG?109245?20Test 2?32Max Mustermann?34000
:62F:C230209EUR103,00
-
